1757 3074
210 141 283 195 '16
428 136 914 196 PRAEFATIO
956 138 1420 198 AUCTORIS.

207 216 466 271 niffimum
491 218 588 272 effe
602 218 859 291 profiteor
879 257 896 285 ‚
925 225 977 272 &⁷
1001 221 1155 272 unice
1176 238 1242 272 cx
1268 222 1467 274 sincero
1487 222 1634 271 amo&

209 312 267 347 re
313 313 440 369 erga
479 293 701 348 studium
743 293 992 349 Historiae
1030 295 1297 350 Naturalis
1318 335 1336 364 ‚
1384 298 1468 350 cui
1509 300 1630 347 raro

208 374 585 446 contingentia
609 375 719 425 otia
743 391 856 425 mea
884 370 1000 425 sunt
1023 370 1196 426 dicata
1221 412 1238 441 ‚
1280 373 1372 427 has
1399 369 1632 426 medita-

207 448 466 502 tiunculas
483 487 502 516 ‚
539 467 663 524 quas
702 466 846 502 anno
895 466 1055 523 1732·
1104 447 1209 522 jam
1263 448 1588 504 absolveram
1611 485 1632 515 ,

206 523 425 579 tandem
448 544 567 579 cum
592 524 858 581 benevolo
875 527 1098 579 Le&ore
1125 543 1277 601 atque
1296 546 1359 580 eo
1383 525 1633 580 libentius

206 605 604 656 communicare
632 600 822 670 volui,
857 622 962 676 quo
994 606 1164 676 magis¹
1197 603 1635 657 Graviffimorum

209 679 473 735 Virorum
504 718 522 747 ‚
568 676 830 753 imprimis
874 677 1094 735 Illustris
1127 688 1179 733 ὃς
1216 679 1635 734 excellentissimi

211 754 486 811 Heucheri
505 795 523 823 ,
541 775 638 811 nec
661 775 774 810 non
788 754 1141 811 Celeberrimi
1158 755 1397 810 Gmelini
1421 795 1438 824 ,
1461 759 1635 809 moni*
1678 785 1681 794 0

208 836 277 886 tis
298 831 698 906 obtemperare,
727 831 1009 909 religionis
1048 833 1146 887 effe
1187 832 1330 887 duxi.
1364 833 1595 887 Accessit
1614 871 1635 902 ‚

208 906 355 985 quOd
377 908 534 964 ambo
560 909 700 965 ultro
732 919 784 964 &
824 915 882 964 in
912 914 1167 983 temporis
1192 950 1209 977 ,
1244 908 1344 985 qua
1376 929 1589 983 premor
1613 948 1638 978 ‚
1676 925 1680 929 '

206 986 430 1060 penuria
454 1027 471 1055 ‚
517 995 570 1042 ὃς
608 991 751 1041 circa
778 986 1030 1060 expensas
1067 986 1200 1040 adeo
1244 1007 1327 1041 me
1368 986 1637 1041 sublevare

207 1061 422 1139 dignati
448 1066 545 1118 lint
565 1104 583 1132 ‚
602 1081 657 1119 ut
682 1068 914 1138 propriis
936 1062 1183 1118 sumtibus
1218 1062 1499 1117 nonnullas
1517 1066 1638 1118 Ta·-

208 1138 356 1195 bulas
385 1145 474 1195 aeri
501 1139 671 1195 incidi
697 1144 964 1209 curarint,
1000 1140 1197 1216 suisque
1238 1139 1494 1214 exemplis
1518 1160 1637 1194 am-

207 1216 552 1291 pliffimorum
589 1219 634 1272 F
639 1234 879 1272 autorum
911 1219 1267 1292 Amicorumq
1292 1238 1306 1284 3
1335 1215 1637 1272 multitudi—

209 1314 335 1349 nem
373 1295 507 1350 mihi
532 1294 876 1350 conciliarint
898 1334 915 1362 ‚
941 1314 1162 1369 quorum
1185 1294 1425 1367 auspiciis
1454 1296 1638 1369 singu-

204 1372 270 1428 1ae
286 1370 501 1428 Tabulae
519 1371 771 1446 praeclaro
786 1373 973 1426 amiclu
987 1389 1316 1445 comparent.
1335 1373 1365 1431 J
1372 1368 1493 1427 ubet
1510 1391 1637 1447 quo-⁴

201 1469 307 1527 que
331 1453 497 1523 pietas
519 1488 537 1519 ,
564 1448 716 1504 laude
735 1447 988 1525 grataque
1009 1466 1184 1503 mente
1211 1447 1455 1524 prosequi
1480 1452 1638 1502 auxi-

208 1526 338 1582 lium
357 1567 375 1595 ‚
393 1526 537 1602 quod
563 1527 684 1580 huic
703 1524 952 1599 opusculo
978 1525 1098 1580 tulit
1122 1531 1178 1580 in
1205 1524 1638 1580 administrandis

209 1604 495 1661 Thesauris
528 1604 717 1679 Regiis
742 1602 1119 1657 Dresdenfibus
1145 1602 1478 1657 scientiarum
1494 1622 1639 1677 aeque
1664 1638 1671 1644 -

206 1702 270 1737 ac
302 1685 358 1735 in
380 1680 586 1754 scriptis
608 1683 707 1735 suis
724 1720 743 1749 ‚
778 1699 889 1755 quae
913 1677 1150 1753 prostant
1172 1684 1229 1733 in
1255 1679 1639 1753 Ephemeridi—

207 1758 305 1814 bus
338 1759 412 1812 N.
452 1759 519 1813 C.
547 1759 736 1813 Germ.
767 1756 1085 1811 Clarissimus
1125 1756 1450 1825 Michaeli33
1502 1777 1638 1811 curae

206 1840 355 1892 enim
381 1834 728 1889 humaniffimi
751 1837 877 1891 Viri
902 1832 1150 1888 debemus
1172 1873 1190 1901 ‚
1210 1832 1354 1908 quod
1376 1833 1440 1888 ab
1464 1832 1638 1888 indus-

210 1918 369 1968 trium
391 1911 925 1988 Chalcographorum
948 1909 1113 1965 habili
1144 1908 1277 1982 stylo
1302 1912 1491 1988 figuras
1516 1909 1638 1965 bel-

208 1989 392 2045 liffime
435 1991 692 2063 expressas
732 1987 910 2063 legere
955 1987 1126 2042 liceat.
1160 1989 1240 2041 Ita
1283 2004 1468 2043 omnes
1502 1986 1636 2043 boni

209 2066 579 2140 conspirarunt
602 2070 658 2120 in
679 2063 975 2120 editionem
1020 2068 1240 2118 innocui
1274 2064 1423 2140 hujus
1456 2066 1635 2119 foetus.

276 2147 512 2218 Operam
531 2161 781 2216 praeterea
795 2140 954 2210 dedi,
971 2158 1025 2196 ut
1041 2140 1453 2215 simplicissimam
1473 2162 1636 2215 expo·-

209 2224 452 2277 fitionem
503 2219 823 2287 eruditiori,
858 2217 945 2272 vel
981 2223 1137 2272 etiam
1177 2219 1466 2291 ampliori,
1507 2236 1633 2294 quas

209 2297 451 2373 praestare
482 2315 689 2372 nequeo
710 2337 728 2364 ,
759 2296 1113 2351 anteferrem:
1149 2296 1420 2351 nonnullis
1457 2315 1634 2351 tamen

209 2373 483 2431 vocabulis
527 2372 806 2448 potestates
832 2370 1076 2447 quasdam
1118 2370 1347 2445 subjeci,
1372 2392 1426 2429 ut
1447 2375 1633 2429 reffius

212 2451 575 2528 intelligatur,
602 2449 732 2527 quid
754 2450 947 2506 dietum
976 2450 1074 2506 effe
1103 2448 1287 2507 velim.

1536 2679 1629 2736 des
