1757 3074
242 153 358 210 126
586 144 1322 206 ECH1NODERMATA3

299 500 462 552 Testae
483 497 661 549 Echini
679 423 1118 550 Ovarii§internam
1141 497 1315 549 faciem
1334 499 1557 567 exposuit
1576 505 1673 550 Dn.

235 568 280 620 R
297 586 324 619 E
343 585 419 618 Αυ
440 583 522 616 MU
539 584 569 615 R
585 581 600 614 1
617 583 648 613 U
663 584 683 614 s
708 565 759 613 in
782 565 947 615 libello
979 566 1190 616 Memor.
1218 565 1490 617 Academiae
1510 568 1674 634 Regiae

235 636 394 685 Paris:
420 633 642 683 exhibito
668 648 819 696 1712.
843 632 1175 682 Mammillaris
1198 633 1296 682 vid.
1313 633 1442 698 apud
1461 634 1675 692 Scillam;

235 702 372 752 Scuti
402 698 637 767 angularis
661 716 716 747 ac
739 698 934 747 humilis
954 699 1191 748 internam
1218 699 1445 748 fabricam
1464 738 1476 759 ‚
1513 699 1678 764 quoad

236 769 370 819 varia
396 768 677 817 fulcimenta
710 763 872 822 testae,
907 764 1203 815 ostendimus
1234 765 1283 814 in
1312 768 1419 813 Tab.
1439 767 1584 815 XVI.
1612 769 1674 814 A.

237 834 428 887 basibus
458 832 550 882 suis
572 831 759 898 privatis
791 836 836 882 &
862 832 910 880 in
940 835 1047 880 Tab.
1070 830 1189 880 ibid.
1211 836 1269 880 B.
1296 833 1495 881 Scutum
1527 831 1677 881 trans-

237 900 478 952 versaliter
497 896 831 956 dimidiatum3
863 898 980 946 nulli
999 898 1272 947 dubitantes
1292 899 1408 963 quin
1426 898 1557 946 scuta
1583 898 1678 947 alta

240 968 424 1019 Indicae
452 964 715 1016 cucurbitae
744 962 910 1012 similia
930 965 1132 1013 Mercati
1155 968 1198 1017 δι’
1229 965 1415 1022 Scillae,
1442 981 1534 1013 nec
1570 981 1676 1012 non

242 1052 392 1102 genus
413 1033 738 1080 placentarum
753 1067 765 1088 ‚
797 1030 934 1079 simili
957 1029 1188 1079 structura
1208 1029 1464 1096 gaudeant.
1507 1029 1611 1079 Has
1631 1035 1679 1081 &

242 1101 359 1149 alias
388 1099 688 1149 Echinorum
723 1096 862 1146 testas
891 1097 1128 1147 destruere
1158 1099 1403 1147 noluimus
1433 1130 1448 1154 ,
1483 1110 1537 1144 ut
1568 1097 1680 1146 col-

239 1163 627 1217 leffioninostrae
649 1180 949 1231 parceremus
968 1199 982 1222 ,
1014 1164 1116 1213 aliis
1147 1164 1492 1230 inspectionem
1519 1163 1567 1211 in
1600 1180 1680 1213 eas

239 1233 569 1298 relinquentes
598 1266 611 1289 ,
654 1230 739 1297 qui
773 1230 908 1296 plura
939 1230 1301 1280 individuorum
1329 1229 1589 1297 specimina
1626 1229 1679 1278 in

240 1297 612 1367 gazophylaceis
633 1297 724 1346 suis
742 1295 995 1363 poffident.
1032 1297 1252 1354 Officula,
1269 1310 1512 1364 quotquot
1534 1296 1581 1344 in
1607 1296 1677 1343 al-

243 1380 350 1416 tero
376 1367 512 1415 scuto
542 1363 626 1415 sub
655 1363 725 1413 lit.
767 1362 813 1413 A
841 1361 1157 1424 offendimus,
1180 1364 1467 1416 exhibemus
1493 1362 1544 1411 in
1569 1364 1678 1410 Tab.

239 1434 378 1487 XX.

889 1777 903 1805 il

237 1973 331 2037 Fig.
367 1968 429 2018 H.
518 1963 754 2034 Quinque
793 1965 962 2016 dentes
1001 1965 1110 2015 sunt
1149 1965 1358 2017 molares
1395 1964 1631 2034 duplicati
1657 2002 1677 2028 ‚

517 2031 647 2099 quasi
665 2032 870 2099 plumofi
895 2040 941 2082 &
962 2031 1090 2081 alati.

233 2106 330 2170 Fig.
375 2103 417 2150 I.
509 2099 696 2149 Dentes
718 2098 952 2164 simplices
982 2098 1116 2158 duo,
1156 2115 1217 2148 ex
1236 2097 1410 2168 quibus
1441 2099 1674 2167 duplicati

512 2180 893 2231 componuntur.

233 2237 331 2302 Fig.
347 2236 408 2283 Κ.
422 2237 474 2283 L.
511 2230 937 2346 Βεηςξυιρίἱεαωε
966 2231 1176 2284 inversus
1193 2267 1208 2290 ,
1240 2231 1288 2281 in
1313 2250 1412 2300 quo
1434 2247 1669 2303 apparent

519 2311 655 2346 aceta
693 2316 721 2346 u
744 2316 786 2349 a.

234 2369 327 2432 Fig.
362 2370 423 2417 N.
513 2365 747 2429 Spondyli
784 2364 913 2415 testae
960 2365 1160 2416 internae
1192 2365 1505 2415 circumcirca
1546 2362 1671 2413 orifia

510 2432 645 2479 cium
669 2432 691 2492 (
713 2444 862 2498 prout
886 2433 1111 2482 auriculae
1131 2434 1178 2482 in
1211 2432 1404 2481 Ovariis
1429 2435 1446 2487 >
1477 2429 1671 2487 adnati,

508 2496 647 2610 sulper
666 2513 874 2571 quorum
889 2498 1110 2565 capitulis
1131 2513 1392 2550 moventur
1407 2498 1572 2549 dentes
1588 2498 1672 2546 du-

511 2579 544 2629 p
566 2576 697 2615 icari.
