<?xml version="1.0" encoding="UTF-8"?>
<!DOCTYPE html PUBLIC "-//W3C//DTD XHTML 1.0 Transitional//EN"
    "http://www.w3.org/TR/xhtml1/DTD/xhtml1-transitional.dtd">
<html xmlns="http://www.w3.org/1999/xhtml" xml:lang="en" lang="en">
 <head>
  <title>
</title>
<meta http-equiv="Content-Type" content="text/html;charset=utf-8" />
  <meta name='ocr-system' content='tesseract 3.04.00' />
  <meta name='ocr-capabilities' content='ocr_page ocr_carea ocr_par ocr_line ocrx_word'/>
</head>
<body>
  <div class='ocr_page' id='page_1' title='image "./ordrenatureldeso00klei_0022.png"; bbox 0 0 1757 3074; ppageno 0'>
   <div class='ocr_carea' id='block_1_1' title="bbox 244 131 1687 1140">
    <p class='ocr_par' dir='ltr' id='par_1_1' title="bbox 244 131 1687 1140">
     <span class='ocr_line' id='line_1_1' title="bbox 260 131 1471 192; baseline 0.002 -3"><span class='ocrx_word' id='word_1_1' title='bbox 260 154 327 191; x_wconf 84' lang='lat'><strong>10</strong></span> <span class='ocrx_word' id='word_1_2' title='bbox 467 131 959 191; x_wconf 81' lang='lat' dir='ltr'><em>PRAEFATIO</em></span> <span class='ocrx_word' id='word_1_3' title='bbox 1000 133 1471 192; x_wconf 73' lang='lat' dir='ltr'><strong><em>AUCTORJS.</em></strong></span> 
     </span>
     <span class='ocr_line' id='line_1_2' title="bbox 249 210 1681 288; baseline -0.001 -20"><span class='ocrx_word' id='word_1_4' title='bbox 249 211 515 268; x_wconf 81' lang='lat' dir='ltr'><strong>Emiffarii</strong></span> <span class='ocrx_word' id='word_1_5' title='bbox 541 217 598 268; x_wconf 91' lang='lat' dir='ltr'><strong>in</strong></span> <span class='ocrx_word' id='word_1_6' title='bbox 619 212 930 288; x_wconf 71' lang='lat' dir='ltr'>longinquis</span> <span class='ocrx_word' id='word_1_7' title='bbox 951 210 1083 267; x_wconf 87' lang='lat' dir='ltr'><strong>locis</strong></span> <span class='ocrx_word' id='word_1_8' title='bbox 1100 253 1118 282; x_wconf 88' lang='lat'>‚</span> <span class='ocrx_word' id='word_1_9' title='bbox 1142 215 1401 287; x_wconf 70' lang='lat' dir='ltr'><strong>praecipue</strong></span> <span class='ocrx_word' id='word_1_10' title='bbox 1434 218 1490 268; x_wconf 90' lang='lat' dir='ltr'><strong>in</strong></span> <span class='ocrx_word' id='word_1_11' title='bbox 1507 212 1681 267; x_wconf 78' lang='lat' dir='ltr'><strong>&#39;mari-</strong></span> 
     </span>
     <span class='ocr_line' id='line_1_3' title="bbox 247 287 1680 365; baseline -0.001 -21"><span class='ocrx_word' id='word_1_12' title='bbox 247 288 344 344; x_wconf 86' lang='lat' dir='ltr'><strong>bus</strong></span> <span class='ocrx_word' id='word_1_13' title='bbox 366 329 384 360; x_wconf 83' lang='lat'><strong>,</strong></span> <span class='ocrx_word' id='word_1_14' title='bbox 409 309 491 345; x_wconf 85' lang='lat' dir='ltr'><strong>res</strong></span> <span class='ocrx_word' id='word_1_15' title='bbox 510 289 884 364; x_wconf 81' lang='lat' dir='ltr'><strong>particulareS,</strong></span> <span class='ocrx_word' id='word_1_16' title='bbox 916 287 983 345; x_wconf 91' lang='lat' dir='ltr'><strong>de</strong></span> <span class='ocrx_word' id='word_1_17' title='bbox 1011 290 1198 365; x_wconf 79' lang='lat' dir='ltr'><strong>quibus</strong></span> <span class='ocrx_word' id='word_1_18' title='bbox 1232 292 1496 346; x_wconf 76' lang='lat' dir='ltr'><strong>certissimi</strong></span> <span class='ocrx_word' id='word_1_19' title='bbox 1527 308 1680 343; x_wconf 80' lang='lat' dir='ltr'><strong>non--</strong></span> 
     </span>
     <span class='ocr_line' id='line_1_4' title="bbox 250 365 1679 444; baseline -0.002 -22"><span class='ocrx_word' id='word_1_20' title='bbox 250 365 377 422; x_wconf 88' lang='lat' dir='ltr'><strong>dum</strong></span> <span class='ocrx_word' id='word_1_21' title='bbox 415 367 582 422; x_wconf 83' lang='lat' dir='ltr'><strong>sumus</strong></span> <span class='ocrx_word' id='word_1_22' title='bbox 602 405 619 433; x_wconf 87' lang='lat'>‚</span> <span class='ocrx_word' id='word_1_23' title='bbox 657 365 938 422; x_wconf 84' lang='lat' dir='ltr'><strong>observare</strong></span> <span class='ocrx_word' id='word_1_24' title='bbox 976 383 1204 444; x_wconf 78' lang='lat' dir='ltr'>pergant</span> <span class='ocrx_word' id='word_1_25' title='bbox 1230 406 1249 435; x_wconf 84' lang='lat'>,</span> <span class='ocrx_word' id='word_1_26' title='bbox 1294 369 1679 441; x_wconf 78' lang='lat' dir='ltr'><strong>experimentis</strong></span> 
     </span>
     <span class='ocr_line' id='line_1_5' title="bbox 247 440 1679 518; baseline -0.001 -20"><span class='ocrx_word' id='word_1_27' title='bbox 247 440 516 499; x_wconf 82' lang='lat' dir='ltr'><strong>stabiliant</strong></span> <span class='ocrx_word' id='word_1_28' title='bbox 532 483 550 513; x_wconf 84' lang='lat'>‚</span> <span class='ocrx_word' id='word_1_29' title='bbox 574 445 767 518; x_wconf 79' lang='lat' dir='ltr'><strong>figuras</strong></span> <span class='ocrx_word' id='word_1_30' title='bbox 789 452 842 498; x_wconf 87' lang='lat'>&amp;</span> <span class='ocrx_word' id='word_1_31' title='bbox 866 442 1251 516; x_wconf 79' lang='lat' dir='ltr'><strong>descriptiones</strong></span> <span class='ocrx_word' id='word_1_32' title='bbox 1271 446 1537 499; x_wconf 84' lang='lat' dir='ltr'><strong>Autorum</strong></span> <span class='ocrx_word' id='word_1_33' title='bbox 1558 462 1679 497; x_wconf 89' lang='lat' dir='ltr'><strong>cum</strong></span> 
     </span>
     <span class='ocr_line' id='line_1_6' title="bbox 248 518 1684 594; baseline -0.001 -19"><span class='ocrx_word' id='word_1_34' title='bbox 248 520 509 594; x_wconf 83' lang='lat' dir='ltr'><strong>exemplis</strong></span> <span class='ocrx_word' id='word_1_35' title='bbox 558 521 658 576; x_wconf 75' lang='lat' dir='ltr'><strong>rite</strong></span> <span class='ocrx_word' id='word_1_36' title='bbox 703 520 985 590; x_wconf 69' lang='lat' dir='ltr'><strong>conferant</strong></span> <span class='ocrx_word' id='word_1_37' title='bbox 1011 560 1029 590; x_wconf 89' lang='lat'>‚</span> <span class='ocrx_word' id='word_1_38' title='bbox 1059 520 1462 576; x_wconf 81' lang='lat' dir='ltr'><strong>allucinationes</strong></span> <span class='ocrx_word' id='word_1_39' title='bbox 1500 518 1684 575; x_wconf 83' lang='lat' dir='ltr'><strong>sedulo</strong></span> 
     </span>
     <span class='ocr_line' id='line_1_7' title="bbox 245 595 1682 674; baseline -0.001 -22"><span class='ocrx_word' id='word_1_40' title='bbox 245 615 551 652; x_wconf 85' lang='lat' dir='ltr'><strong>connotent</strong></span> <span class='ocrx_word' id='word_1_41' title='bbox 570 607 624 653; x_wconf 70' lang='grc' dir='ltr'><strong>δε</strong></span> <span class='ocrx_word' id='word_1_42' title='bbox 646 595 822 674; x_wconf 83' lang='lat' dir='ltr'><strong>quoad</strong></span> <span class='ocrx_word' id='word_1_43' title='bbox 840 599 955 653; x_wconf 89' lang='lat' dir='ltr'><strong>fieri</strong></span> <span class='ocrx_word' id='word_1_44' title='bbox 974 596 1146 672; x_wconf 91' lang='lat' dir='ltr'><strong>potest</strong></span> <span class='ocrx_word' id='word_1_45' title='bbox 1163 637 1180 666; x_wconf 85' lang='lat'>,</span> <span class='ocrx_word' id='word_1_46' title='bbox 1204 617 1286 652; x_wconf 85' lang='lat' dir='ltr'><strong>res</strong></span> <span class='ocrx_word' id='word_1_47' title='bbox 1304 598 1435 671; x_wconf 86' lang='lat' dir='ltr'><strong>ipsas</strong></span> <span class='ocrx_word' id='word_1_48' title='bbox 1451 602 1507 652; x_wconf 91' lang='lat' dir='ltr'><strong>in</strong></span> <span class='ocrx_word' id='word_1_49' title='bbox 1530 598 1682 653; x_wconf 88' lang='lat' dir='ltr'><strong>Con-</strong></span> 
     </span>
     <span class='ocr_line' id='line_1_8' title="bbox 245 672 1675 750; baseline -0.001 -22"><span class='ocrx_word' id='word_1_50' title='bbox 245 672 372 728; x_wconf 84' lang='lat' dir='ltr'><strong>cilia</strong></span> <span class='ocrx_word' id='word_1_51' title='bbox 396 673 484 730; x_wconf 84' lang='lat' dir='ltr'><strong>sua</strong></span> <span class='ocrx_word' id='word_1_52' title='bbox 506 673 573 729; x_wconf 87' lang='lat' dir='ltr'><strong>ad</strong></span> <span class='ocrx_word' id='word_1_53' title='bbox 598 679 850 733; x_wconf 83' lang='lat' dir='ltr'><strong>trutinam</strong></span> <span class='ocrx_word' id='word_1_54' title='bbox 870 692 1244 750; x_wconf 85' lang='lat' dir='ltr'><strong>comportent3</strong></span> <span class='ocrx_word' id='word_1_55' title='bbox 1272 678 1344 729; x_wconf 83' lang='lat' dir='ltr'><strong>ita</strong></span> <span class='ocrx_word' id='word_1_56' title='bbox 1370 679 1516 730; x_wconf 85' lang='lat' dir='ltr'><strong>enirn</strong></span> <span class='ocrx_word' id='word_1_57' title='bbox 1542 674 1633 728; x_wconf 88' lang='lat' dir='ltr'><strong>fiet</strong></span> <span class='ocrx_word' id='word_1_58' title='bbox 1651 711 1675 740; x_wconf 66' lang='lat'>2</span> 
     </span>
     <span class='ocr_line' id='line_1_9' title="bbox 246 749 1684 826; baseline 0.001 -21"><span class='ocrx_word' id='word_1_59' title='bbox 246 768 303 805; x_wconf 74' lang='lat' dir='ltr'><strong>ut</strong></span> <span class='ocrx_word' id='word_1_60' title='bbox 329 751 553 806; x_wconf 74' lang='lat' dir='ltr'><strong>successu</strong></span> <span class='ocrx_word' id='word_1_61' title='bbox 592 756 848 824; x_wconf 84' lang='lat' dir='ltr'><strong>temporis</strong></span> <span class='ocrx_word' id='word_1_62' title='bbox 888 751 957 806; x_wconf 83' lang='lat' dir='ltr'><strong>ad</strong></span> <span class='ocrx_word' id='word_1_63' title='bbox 991 752 1330 826; x_wconf 75' lang='lat' dir='ltr'><strong>Universalem</strong></span> <span class='ocrx_word' id='word_1_64' title='bbox 1365 749 1684 808; x_wconf 75' lang='lat' dir='ltr'><strong>Animalium</strong></span> 
     </span>
     <span class='ocr_line' id='line_1_10' title="bbox 246 826 1687 902; baseline -0.002 -19"><span class='ocrx_word' id='word_1_65' title='bbox 246 828 527 902; x_wconf 68' lang='lat' dir='ltr'><strong>Historiam</strong></span> <span class='ocrx_word' id='word_1_66' title='bbox 558 826 947 886; x_wconf 72' lang='lat' dir='ltr'><strong>emendandam</strong></span> <span class='ocrx_word' id='word_1_67' title='bbox 967 829 1215 886; x_wconf 86' lang='lat' dir='ltr'><strong>facientia</strong></span> <span class='ocrx_word' id='word_1_68' title='bbox 1234 827 1638 887; x_wconf 78' lang='lat' dir='ltr'><strong>conscribantur</strong></span> <span class='ocrx_word' id='word_1_69' title='bbox 1658 828 1687 895; x_wconf 74' lang='lat' dir='ltr'><strong>,j</strong></span> 
     </span>
     <span class='ocr_line' id='line_1_11' title="bbox 244 899 1687 982; baseline -0.001 -22"><span class='ocrx_word' id='word_1_70' title='bbox 244 899 300 960; x_wconf 67' lang='grc' dir='ltr'><strong>δὲ</strong></span> <span class='ocrx_word' id='word_1_71' title='bbox 320 903 531 962; x_wconf 88' lang='lat' dir='ltr'><strong>demum</strong></span> <span class='ocrx_word' id='word_1_72' title='bbox 543 904 671 979; x_wconf 83' lang='lat' dir='ltr'><strong>justa</strong></span> <span class='ocrx_word' id='word_1_73' title='bbox 691 924 847 982; x_wconf 87' lang='lat' dir='ltr'><strong>quam</strong></span> <span class='ocrx_word' id='word_1_74' title='bbox 861 904 1210 962; x_wconf 84' lang='lat' dir='ltr'><strong>defideramus</strong></span> <span class='ocrx_word' id='word_1_75' title='bbox 1228 945 1246 974; x_wconf 82' lang='lat'>‚</span> <span class='ocrx_word' id='word_1_76' title='bbox 1266 907 1546 962; x_wconf 73' lang='lat' dir='ltr'><strong>Methodus</strong></span> <span class='ocrx_word' id='word_1_77' title='bbox 1559 923 1687 975; x_wconf 61' lang='lat' dir='ltr'><strong>{oo—2</strong></span> 
     </span>
     <span class='ocr_line' id='line_1_12' title="bbox 249 979 1684 1062; baseline 0.001 -25"><span class='ocrx_word' id='word_1_78' title='bbox 249 983 411 1057; x_wconf 74' lang='lat' dir='ltr'><strong>logica</strong></span> <span class='ocrx_word' id='word_1_79' title='bbox 429 982 458 1036; x_wconf 70' lang='lat' dir='ltr'><strong>:li</strong></span> <span class='ocrx_word' id='word_1_80' title='bbox 494 986 624 1038; x_wconf 84' lang='lat' dir='ltr'><strong>viris</strong></span> <span class='ocrx_word' id='word_1_81' title='bbox 646 986 704 1037; x_wconf 89' lang='lat' dir='ltr'><strong>in</strong></span> <span class='ocrx_word' id='word_1_82' title='bbox 728 984 826 1037; x_wconf 91' lang='lat' dir='ltr'><strong>hac</strong></span> <span class='ocrx_word' id='word_1_83' title='bbox 856 1000 968 1040; x_wconf 87' lang='lat' dir='ltr'><strong>arte</strong></span> <span class='ocrx_word' id='word_1_84' title='bbox 1005 980 1346 1062; x_wconf 73' lang='lat' dir='ltr'><strong>Principibus</strong></span> <span class='ocrx_word' id='word_1_85' title='bbox 1382 980 1524 1042; x_wconf 85' lang='lat' dir='ltr'><strong>haud</strong></span> <span class='ocrx_word' id='word_1_86' title='bbox 1543 979 1684 1039; x_wconf 85' lang='lat' dir='ltr'><strong>diffi-</strong></span> 
     </span>
     <span class='ocr_line' id='line_1_13' title="bbox 255 1057 1593 1140; baseline 0.003 -25"><span class='ocrx_word' id='word_1_87' title='bbox 255 1057 424 1119; x_wconf 83' lang='lat' dir='ltr'><strong>culter</strong></span> <span class='ocrx_word' id='word_1_88' title='bbox 447 1062 719 1140; x_wconf 80' lang='lat' dir='ltr'><strong>impetrari</strong></span> <span class='ocrx_word' id='word_1_89' title='bbox 740 1059 911 1137; x_wconf 79' lang='lat' dir='ltr'><strong>poffit.</strong></span> <span class='ocrx_word' id='word_1_90' title='bbox 1591 1090 1593 1093; x_wconf 94' lang='lat'>·</span> 
     </span>
    </p>
   </div>
   <div class='ocr_carea' id='block_1_2' title="bbox 259 1519 1691 1833">
    <p class='ocr_par' dir='ltr' id='par_1_2' title="bbox 259 1519 1691 1833">
     <span class='ocr_line' id='line_1_14' title="bbox 338 1519 1690 1599; baseline -0.003 -19"><span class='ocrx_word' id='word_1_91' title='bbox 338 1523 534 1580; x_wconf 89' lang='lat' dir='ltr'><strong>Procul</strong></span> <span class='ocrx_word' id='word_1_92' title='bbox 555 1526 612 1580; x_wconf 82' lang='lat' dir='ltr'><strong>fit</strong></span> <span class='ocrx_word' id='word_1_93' title='bbox 631 1522 660 1579; x_wconf 78' lang='grc' dir='ltr'><strong>εὶ</strong></span> <span class='ocrx_word' id='word_1_94' title='bbox 678 1541 761 1579; x_wconf 89' lang='lat' dir='ltr'><strong>me</strong></span> <span class='ocrx_word' id='word_1_95' title='bbox 775 1562 795 1594; x_wconf 87' lang='lat'>‚</span> <span class='ocrx_word' id='word_1_96' title='bbox 826 1539 883 1580; x_wconf 86' lang='lat' dir='ltr'><strong>ut</strong></span> <span class='ocrx_word' id='word_1_97' title='bbox 907 1522 1041 1577; x_wconf 85' lang='lat' dir='ltr'><strong>mihi</strong></span> <span class='ocrx_word' id='word_1_98' title='bbox 1063 1519 1370 1599; x_wconf 78' lang='lat' dir='ltr'><strong>indulgeam</strong></span> <span class='ocrx_word' id='word_1_99' title='bbox 1387 1561 1405 1590; x_wconf 91' lang='lat'>‚</span> <span class='ocrx_word' id='word_1_100' title='bbox 1428 1540 1512 1576; x_wconf 90' lang='lat' dir='ltr'><strong>me</strong></span> <span class='ocrx_word' id='word_1_101' title='bbox 1531 1536 1690 1577; x_wconf 72' lang='lat' dir='ltr'><strong>tanto</strong></span> 
     </span>
     <span class='ocr_line' id='line_1_15' title="bbox 262 1597 1684 1675; baseline -0.002 -19"><span class='ocrx_word' id='word_1_102' title='bbox 262 1600 436 1656; x_wconf 88' lang='lat' dir='ltr'><strong>labori</strong></span> <span class='ocrx_word' id='word_1_103' title='bbox 472 1601 728 1658; x_wconf 86' lang='lat' dir='ltr'><strong>suffiscere</strong></span> <span class='ocrx_word' id='word_1_104' title='bbox 750 1620 768 1670; x_wconf 84' lang='lat'>3</span> <span class='ocrx_word' id='word_1_105' title='bbox 812 1599 903 1656; x_wconf 88' lang='lat' dir='ltr'><strong>sed</strong></span> <span class='ocrx_word' id='word_1_106' title='bbox 933 1597 1132 1655; x_wconf 84' lang='lat' dir='ltr'><strong>nullam</strong></span> <span class='ocrx_word' id='word_1_107' title='bbox 1168 1618 1377 1675; x_wconf 84' lang='lat' dir='ltr'><strong>quoque</strong></span> <span class='ocrx_word' id='word_1_108' title='bbox 1400 1597 1684 1672; x_wconf 86' lang='lat' dir='ltr'><strong>pertimes-</strong></span> 
     </span>
     <span class='ocr_line' id='line_1_16' title="bbox 261 1674 1690 1753; baseline -0.002 -21"><span class='ocrx_word' id='word_1_109' title='bbox 261 1677 423 1733; x_wconf 90' lang='lat' dir='ltr'><strong>cendi</strong></span> <span class='ocrx_word' id='word_1_110' title='bbox 452 1679 652 1733; x_wconf 82' lang='lat' dir='ltr'><strong>causam</strong></span> <span class='ocrx_word' id='word_1_111' title='bbox 675 1677 846 1734; x_wconf 87' lang='lat' dir='ltr'><strong>sentio</strong></span> <span class='ocrx_word' id='word_1_112' title='bbox 866 1717 887 1748; x_wconf 83' lang='lat'><strong>,</strong></span> <span class='ocrx_word' id='word_1_113' title='bbox 912 1681 1041 1753; x_wconf 90' lang='lat' dir='ltr'><strong>quin</strong></span> <span class='ocrx_word' id='word_1_114' title='bbox 1065 1680 1224 1753; x_wconf 83' lang='lat' dir='ltr'><strong>aequis</strong></span> <span class='ocrx_word' id='word_1_115' title='bbox 1250 1674 1690 1732; x_wconf 73' lang='lat' dir='ltr'><strong>AEstimatoribus</strong></span> 
     </span>
     <span class='ocr_line' id='line_1_17' title="bbox 259 1752 1691 1833; baseline -0.001 -22"><span class='ocrx_word' id='word_1_116' title='bbox 259 1753 330 1811; x_wconf 79' lang='lat' dir='ltr'><strong>ad</strong></span> <span class='ocrx_word' id='word_1_117' title='bbox 346 1755 546 1812; x_wconf 81' lang='lat' dir='ltr'><strong>calcem</strong></span> <span class='ocrx_word' id='word_1_118' title='bbox 559 1755 706 1833; x_wconf 81' lang='lat' dir='ltr'><strong>hujus</strong></span> <span class='ocrx_word' id='word_1_119' title='bbox 722 1753 978 1832; x_wconf 81' lang='lat' dir='ltr'><strong>opusculi,</strong></span> <span class='ocrx_word' id='word_1_120' title='bbox 999 1756 1339 1810; x_wconf 85' lang='lat' dir='ltr'><strong>Tentaminis</strong></span> <span class='ocrx_word' id='word_1_121' title='bbox 1355 1752 1502 1825; x_wconf 80' lang='lat' dir='ltr'><strong>loce,</strong></span> <span class='ocrx_word' id='word_1_122' title='bbox 1520 1771 1691 1829; x_wconf 83' lang='lat' dir='ltr'><strong>expo-</strong></span> 
     </span>
    </p>
   </div>
  </div>
 </body>
</html>
