1757 3074
237 155 344 204 152
593 134 1292 191 EcmNODERMATA}

231 233 256 250 υ
277 210 546 278 gitudinem
572 212 783 260 foramen
800 248 812 268 ,
838 213 1034 261 materia
1054 212 1257 278 quadam
1281 209 1470 279 lapidea
1490 209 1672 260 infarc-*v

232 300 258 317 υ
283 293 386 326 tum
407 315 418 334 ,
445 278 579 343 quod
606 279 651 326 in
675 279 1001 342 prominulurn
1025 281 1221 328 tandem
1243 278 1544 329 tuberculum
1573 277 1662 326 de·-

231 367 258 384 ‚‚
286 344 389 393 finit
410 380 422 403 ‚
466 344 513 392 id
548 344 681 411 quod
716 345 765 393 in
792 346 1008 395 Alveolis
1037 345 1206 395 nostris
1230 365 1327 396 non
1360 346 1588 411 reperitur
1615 369 1663 390 «.

231 411 591 476 CircumspeSte
622 414 786 477 itaque
817 413 983 462 omnia
1013 412 1118 461 sunt
1147 412 1489 463 consideranda
1516 447 1529 468 ,
1572 427 1665 459 nec

229 477 373 526 facile
400 478 545 527 dubia
570 495 654 544 pro
677 478 798 526 veris
815 514 830 538 ,
861 479 1112 544 incognita
1139 497 1226 544 pro
1259 479 1472 545 cognitis
1495 477 1665 526 obtru-

230 545 419 593 denda:
451 543 786 611 simplicissima
813 546 943 594 enim
967 547 1046 594 via
1074 546 1291 595 tutissima
1321 546 1381 594 ad
1413 544 1664 594 veritatem
1735 561 1738 565 ·

231 610 328 661 est:
356 613 520 660 veniet
551 626 748 677 quoque
774 628 963 678 tempus
988 650 1001 671 ,
1025 612 1158 678 quod
1195 613 1376 662 Seneca
1406 609 1629 677 praedixit
1650 645 1666 668 ,

231 695 333 744 quo
358 677 468 736 ista,
501 696 608 746 quae
635 694 764 725 nunc
786 680 934 727 latent
953 717 965 738 ‚
995 679 1044 727 in
1069 681 1223 728 lucem
1244 680 1345 728 dies
1367 678 1583 728 extrahet
1618 679 1667 726 δε

235 746 469 810 longioris
486 747 578 794 aevi
606 746 858 811 diligentia
879 750 919 792 *.
953 745 1063 794 Hac
1081 746 1160 812 spe
1182 746 1303 796 moti
1324 746 1529 810 allegato
1551 743 1667 792 loco

234 814 419 879 Proleg.
443 832 489 875 p.
514 829 594 865 zo.
618 812 921 869 monuimus,
944 813 1229 862 Belemnitas
1245 849 1257 870 ,
1274 813 1355 880 qui
1379 811 1545 860 habito
1575 809 1670 858 res-

232 882 372 944 pecstu
406 888 460 926 att·
493 879 722 927 cavitates
754 880 952 930 conicas
980 916 991 938 ‚
1027 879 1383 928 canaliculos&
1406 876 1668 934 Alveolos,

234 963 347 994 cum
383 945 523 993 rad-iis
559 946 852 994 Echinorum
886 962 978 993 nec
1005 945 1120 994 dum
1156 945 1407 995 conciliari
1441 955 1627 1011 queunt
1654 978 1671 999 ‚

233 1013 482 1061 mansuros
501 1013 681 1060 Fossilia
713 1012 782 1060 sui
816 1014 1002 1079 generis
1035 1012 1063 1060 ὲ
1099 1013 1237 1062 radiis
1264 1012 1563 1061 Echinorum
1592 1009 1671 1058 di-

233 1080 379 1126 versa.
415 1078 626 1128 Eandem
658 1080 941 1127 sententiam
961 1079 1118 1127 adhuc
1147 1079 1379 1135 colimus,
1408 1078 1535 1126 suam
1561 1075 1672 1124 cui·-

232 1145 354 1194 libet
384 1145 581 1193 liberam
608 1145 945 1212 relinquentes.
982 1145 1156 1211 Neque
1182 1146 1524 1200 diffitebimur,
1555 1160 1672 1208 pro*-

234 1211 448 1262 babilem
469 1212 559 1260 effe
582 1216 906 1277 coniecturam
929 1211 1118 1260 illorum
1139 1213 1267 1261 haud
1295 1211 1482 1260 levibus
1509 1209 1674 1259 sufful-

234 1293 336 1328 tam
353 1279 621 1328 ratiociniis
636 1314 652 1338 ,
681 1281 764 1344 qui
781 1279 1075 1328 Belemnitas
1096 1277 1335 1328 Prusficos
1353 1295 1539 1335 omnes,
1565 1293 1672 1342 pro-

235 1346 341 1412 prie
363 1345 714 1409 Lyneuriorum
739 1346 938 1395 nomine
962 1344 1239 1412 insignitos,
1267 1363 1354 1411 pro
1380 1343 1522 1392 radiis
1553 1343 1675 1392 Ani-

235 1413 437 1462 malium
477 1411 768 1462 marinorum
803 1448 816 1470 ‚
854 1412 1082 1460 hactenus
1121 1411 1491 1479 incognitorum
1531 1427 1675 1475 repu-

235 1493 372 1537 tant3
403 1496 511 1544 quae
543 1479 787 1527 Animalia
816 1515 829 1538 ‚
869 1478 901 1526 fi
925 1495 1025 1527 non
1050 1478 1112 1528 ad
1139 1480 1341 1528 Claffem
1370 1477 1675 1526 Echinorum

237 1547 562 1613 pertinerent,
596 1546 817 1611 proxime
843 1559 1005 1594 tamen
1029 1546 1088 1594 ad
1115 1546 1329 1595 Echinos
1357 1543 1677 1598 accederent·‚

238 1631 332 1664 nec
363 1612 574 1661 deessent
608 1613 813 1662 rationes
844 1628 954 1678 quae
986 1611 1289 1661 difficultates
1324 1613 1352 1662 ἐι
1386 1610 1676 1661 cavitatibus

186 1718 188 1721 ψ
240 1680 464 1737 comicis,
500 1679 630 1727 rimis
649 1679 958 1745 Alveolisque
985 1679 1157 1747 petitas
1175 1717 1186 1737 ,
1216 1679 1499 1745 sufficienter
1512 1694 1677 1726 remo-

238 1762 440 1800 verent;
470 1749 515 1794 &
546 1747 707 1810 quaeso
728 1781 742 1800 ‚
770 1746 889 1811 quid
922 1762 1022 1795 tum
1050 1746 1252 1812 amplius
1287 1745 1495 1795 obstaret
1518 1779 1531 1802 ,
1569 1745 1678 1808 quin.

241 1833 386 1863 omnes
412 1815 656 1860 Belenmitae
683 1815 793 1861 radii
809 1848 822 1866 ,
853 1813 930 1862 Vel
953 1815 1215 1861 Echinorum
1237 1813 1306 1862 vel
1312 1812 1525 1878 fimi-lium
1553 1813 1676 1859 Atti-

241 1884 420 1929 malium
435 1882 722 1940 marinorum,
735 1881 884 1942 forent
910 1887 931 1930 ἶ
959 1881 1014 1929 ln
1032 1880 1249 1947 praelenti
1270 1878 1501 1944 proposlti
1525 1876 1674 1927 nostri

240 1966 345 1997 non
376 1946 468 2001 est,
504 1948 707 1995 aliorum
739 1949 925 1996 causam
954 1964 1121 2014 agere3
1145 1946 1289 1997 nobis
1316 1944 1588 1999 incumbit,
1621 1957 1675 1993 ut

231 2012 507 2065 ‘Claviculis
525 2048 539 2071 ,
568 2030 684 2078 quas
715 2013 856 2062 laeves
879 2031 1212 2080 nuncupamus
1229 2048 1242 2071 ‚
1274 2011 1630 2080 patrocinemur
1656 2046 1678 2066 ,

240 2082 308 2130 ita
323 2097 377 2130 ut
405 2080 482 2127 vix
507 2080 739 2129 sufficiens
758 2082 876 2131 ratio
900 2079 1289 2130 Diffentientiutn
1317 2094 1570 2145 apparea-t,
1604 2077 1674 2126 ob

242 2166 386 2214 quam
421 2146 514 2193 illae
545 2147 572 2194 a
606 2146 849 2196 radiorum
879 2147 1264 2197 Echiniticotum
1301 2144 1482 2195 familia
1509 2161 1674 2194 remo-

239 2229 469 2273 veantur,
508 2216 554 2262 &
579 2212 954 2264 Belemnitarum
981 2214 1122 2265 Claffi
1145 2212 1480 2263 inscribantur.

294 2422 316 2442 *
341 2418 404 2458 Sic
426 2414 478 2459 est
505 2423 667 2468 veritas,
699 2435 741 2460 ut
767 2421 849 2475 post
879 2422 996 2476 longa
1014 2425 1169 2462 demum
1192 2422 1314 2461 studia
1341 2418 1553 2475 seprodat,
1584 2429 1673 2473 quae

238 2475 435 2513 interdum
460 2490 537 2513 non
561 2490 659 2514 unus
681 2478 823 2516 homo.
849 2492 918 2517 nec
935 2492 1009 2517 una
1025 2479 1241 2518 observatio
1271 2483 1280 2528 (
1301 2477 1507 2532 praesertim
1523 2488 1611 2522 cum
1628 2474 1670 2512 in

237 2529 561 2569 observatombuz
579 2532 733 2570 fortuna
754 2537 788 2569 δε
805 2533 906 2571 casus
925 2536 1096 2574 multum
1117 2532 1297 2584 valeant)
1327 2531 1447 2588 potest
1463 2525 1679 2573 coniicerm·

236 2582 441 2626 Commeat.
464 2586 510 2627 de
526 2587 668 2629 Bonon.
688 2588 806 2638 Instit.
821 2603 861 2643 p.
877 2603 952 2643 72.
