<?xml version="1.0" encoding="UTF-8"?>
<!DOCTYPE html PUBLIC "-//W3C//DTD XHTML 1.0 Transitional//EN"
    "http://www.w3.org/TR/xhtml1/DTD/xhtml1-transitional.dtd">
<html xmlns="http://www.w3.org/1999/xhtml" xml:lang="en" lang="en">
 <head>
  <title>
</title>
<meta http-equiv="Content-Type" content="text/html;charset=utf-8" />
  <meta name='ocr-system' content='tesseract 3.04.00' />
  <meta name='ocr-capabilities' content='ocr_page ocr_carea ocr_par ocr_line ocrx_word'/>
</head>
<body>
  <div class='ocr_page' id='page_1' title='image "./ordrenatureldeso00klei_0174.png"; bbox 0 0 1757 3074; ppageno 0'>
   <div class='ocr_carea' id='block_1_1' title="bbox 242 150 1757 1694">
    <p class='ocr_par' dir='ltr' id='par_1_1' title="bbox 242 150 1757 1694">
     <span class='ocr_line' id='line_1_1' title="bbox 242 150 1307 208; baseline -0.002 -1"><span class='ocrx_word' id='word_1_1' title='bbox 242 155 367 208; x_wconf 55' lang='lat'>{260</span> <span class='ocrx_word' id='word_1_2' title='bbox 614 150 1307 206; x_wconf 76' lang='lat' dir='ltr'>ECHINODERMATA.</span> 
     </span>
     <span class='ocr_line' id='line_1_2' title="bbox 244 222 1684 292; baseline 0.001 -15"><span class='ocrx_word' id='word_1_3' title='bbox 244 225 442 277; x_wconf 84' lang='lat' dir='ltr'>litudini</span> <span class='ocrx_word' id='word_1_4' title='bbox 470 263 484 285; x_wconf 91' lang='lat'>‚</span> <span class='ocrx_word' id='word_1_5' title='bbox 518 226 635 276; x_wconf 87' lang='lat' dir='ltr'>loco</span> <span class='ocrx_word' id='word_1_6' title='bbox 658 226 831 284; x_wconf 82' lang='lat' dir='ltr'>natali,</span> <span class='ocrx_word' id='word_1_7' title='bbox 866 227 943 275; x_wconf 91' lang='lat' dir='ltr'>vel</span> <span class='ocrx_word' id='word_1_8' title='bbox 966 224 1090 274; x_wconf 82' lang='lat' dir='ltr'>falsae</span> <span class='ocrx_word' id='word_1_9' title='bbox 1124 226 1329 292; x_wconf 83' lang='lat' dir='ltr'>origini,</span> <span class='ocrx_word' id='word_1_10' title='bbox 1356 238 1411 276; x_wconf 91' lang='lat' dir='ltr'>ut</span> <span class='ocrx_word' id='word_1_11' title='bbox 1429 222 1510 278; x_wconf 89' lang='lat' dir='ltr'>illa</span> <span class='ocrx_word' id='word_1_12' title='bbox 1535 223 1684 278; x_wconf 61' lang='lat' dir='ltr'>Deo-⁶</span> 
     </span>
     <span class='ocr_line' id='line_1_3' title="bbox 244 293 1681 354; baseline 0 -10"><span class='ocrx_word' id='word_1_13' title='bbox 244 311 353 343; x_wconf 85' lang='lat' dir='ltr'>rum</span> <span class='ocrx_word' id='word_1_14' title='bbox 385 294 660 344; x_wconf 83' lang='lat' dir='ltr'>Gentilium</span> <span class='ocrx_word' id='word_1_15' title='bbox 678 331 691 354; x_wconf 87' lang='lat'>,</span> <span class='ocrx_word' id='word_1_16' title='bbox 721 293 896 341; x_wconf 81' lang='lat' dir='ltr'>natales</span> <span class='ocrx_word' id='word_1_17' title='bbox 925 293 1033 341; x_wconf 84' lang='lat' dir='ltr'>suos</span> <span class='ocrx_word' id='word_1_18' title='bbox 1059 293 1253 342; x_wconf 88' lang='lat' dir='ltr'>debent.</span> <span class='ocrx_word' id='word_1_19' title='bbox 1294 294 1406 342; x_wconf 82' lang='lat' dir='ltr'>Fuit</span> <span class='ocrx_word' id='word_1_20' title='bbox 1424 312 1483 342; x_wconf 81' lang='lat' dir='ltr'>ex</span> <span class='ocrx_word' id='word_1_21' title='bbox 1509 296 1681 345; x_wconf 77' lang='lat' dir='ltr'>amicis</span> 
     </span>
     <span class='ocr_line' id='line_1_4' title="bbox 284 357 1682 428; baseline 0 -18"><span class='ocrx_word' id='word_1_22' title='bbox 284 360 497 410; x_wconf 77' lang='lat' dir='ltr'>nondam</span> <span class='ocrx_word' id='word_1_23' title='bbox 528 359 674 415; x_wconf 90' lang='lat' dir='ltr'>meis,</span> <span class='ocrx_word' id='word_1_24' title='bbox 701 361 782 426; x_wconf 88' lang='lat' dir='ltr'>qui</span> <span class='ocrx_word' id='word_1_25' title='bbox 802 357 1094 408; x_wconf 87' lang='lat' dir='ltr'>Belemnitas</span> <span class='ocrx_word' id='word_1_26' title='bbox 1123 360 1338 409; x_wconf 84' lang='lat' dir='ltr'>minerali</span> <span class='ocrx_word' id='word_1_27' title='bbox 1354 359 1526 426; x_wconf 83' lang='lat' dir='ltr'>Regno</span> <span class='ocrx_word' id='word_1_28' title='bbox 1546 361 1682 428; x_wconf 81' lang='lat' dir='ltr'>adju-</span> 
     </span>
     <span class='ocr_line' id='line_1_5' title="bbox 244 380 1753 494; baseline 0.001 -18"><span class='ocrx_word' id='word_1_29' title='bbox 244 380 464 481; x_wconf 55' lang='lat' dir='ltr'>dicavit,</span> <span class='ocrx_word' id='word_1_30' title='bbox 492 430 538 476; x_wconf 64' lang='grc' dir='ltr'>ὃς</span> <span class='ocrx_word' id='word_1_31' title='bbox 564 426 604 475; x_wconf 87' lang='lat' dir='ltr'>is</span> <span class='ocrx_word' id='word_1_32' title='bbox 633 425 829 492; x_wconf 90' lang='lat' dir='ltr'>quidem</span> <span class='ocrx_word' id='word_1_33' title='bbox 861 424 1001 475; x_wconf 84' lang='lat' dir='ltr'>studii</span> <span class='ocrx_word' id='word_1_34' title='bbox 1033 426 1267 474; x_wconf 84' lang='lat' dir='ltr'>Foffilium</span> <span class='ocrx_word' id='word_1_35' title='bbox 1298 427 1450 493; x_wconf 82' lang='lat' dir='ltr'>probe</span> <span class='ocrx_word' id='word_1_36' title='bbox 1478 445 1682 494; x_wconf 82' lang='lat' dir='ltr'>gnarus3</span> <span class='ocrx_word' id='word_1_37' title='bbox 1752 436 1753 461; x_wconf 75' lang='lat'>³</span> 
     </span>
     <span class='ocr_line' id='line_1_6' title="bbox 246 490 1683 559; baseline 0.003 -19"><span class='ocrx_word' id='word_1_38' title='bbox 246 493 518 559; x_wconf 77' lang='lat' dir='ltr'>vegetabili</span> <span class='ocrx_word' id='word_1_39' title='bbox 539 490 666 543; x_wconf 89' lang='lat' dir='ltr'>favet</span> <span class='ocrx_word' id='word_1_40' title='bbox 685 493 920 557; x_wconf 84' lang='lat' dir='ltr'>Helwing.</span> <span class='ocrx_word' id='word_1_41' title='bbox 938 494 1130 556; x_wconf 72' lang='lat' dir='ltr'>Lithogr.</span> <span class='ocrx_word' id='word_1_42' title='bbox 1153 495 1203 541; x_wconf 85' lang='grc' dir='ltr'>Ρ.</span> <span class='ocrx_word' id='word_1_43' title='bbox 1226 495 1284 543; x_wconf 89' lang='lat'>11.</span> <span class='ocrx_word' id='word_1_44' title='bbox 1301 514 1351 556; x_wconf 89' lang='lat' dir='ltr'>p.</span> <span class='ocrx_word' id='word_1_45' title='bbox 1376 495 1683 552; x_wconf 78' lang='lat' dir='ltr'>123.Anima·</span> 
     </span>
     <span class='ocr_line' id='line_1_7' title="bbox 244 558 1683 626; baseline 0.001 -18"><span class='ocrx_word' id='word_1_46' title='bbox 244 558 294 608; x_wconf 86' lang='lat' dir='ltr'>le</span> <span class='ocrx_word' id='word_1_47' title='bbox 321 560 512 626; x_wconf 87' lang='lat' dir='ltr'>potiora</span> <span class='ocrx_word' id='word_1_48' title='bbox 528 560 675 609; x_wconf 88' lang='lat' dir='ltr'>habet</span> <span class='ocrx_word' id='word_1_49' title='bbox 703 559 935 624; x_wconf 81' lang='lat' dir='ltr'>suffragia.</span> <span class='ocrx_word' id='word_1_50' title='bbox 977 561 1064 616; x_wconf 73' lang='lat' dir='ltr'>Sed</span> <span class='ocrx_word' id='word_1_51' title='bbox 1084 564 1128 608; x_wconf 71' lang='grc' dir='ltr'>ὃς</span> <span class='ocrx_word' id='word_1_52' title='bbox 1158 560 1236 608; x_wconf 76' lang='lat' dir='ltr'>hic</span> <span class='ocrx_word' id='word_1_53' title='bbox 1257 560 1551 610; x_wconf 87' lang='lat' dir='ltr'>offendimus</span> <span class='ocrx_word' id='word_1_54' title='bbox 1581 562 1683 610; x_wconf 87' lang='lat' dir='ltr'>sen-</span> 
     </span>
     <span class='ocr_line' id='line_1_8' title="bbox 244 624 1684 691; baseline 0.002 -16"><span class='ocrx_word' id='word_1_55' title='bbox 244 626 506 676; x_wconf 82' lang='lat' dir='ltr'>tentiarum</span> <span class='ocrx_word' id='word_1_56' title='bbox 523 625 750 675; x_wconf 83' lang='lat' dir='ltr'>divortia.</span> <span class='ocrx_word' id='word_1_57' title='bbox 790 625 884 674; x_wconf 86' lang='lat' dir='ltr'>Pro</span> <span class='ocrx_word' id='word_1_58' title='bbox 903 624 1113 675; x_wconf 85' lang='lat' dir='ltr'>Piscium</span> <span class='ocrx_word' id='word_1_59' title='bbox 1136 630 1180 674; x_wconf 61' lang='grc' dir='ltr'>ὃς</span> <span class='ocrx_word' id='word_1_60' title='bbox 1200 627 1491 675; x_wconf 89' lang='lat' dir='ltr'>nominatim</span> <span class='ocrx_word' id='word_1_61' title='bbox 1511 627 1684 691; x_wconf 87' lang='lat' dir='ltr'>Physe-</span> 
     </span>
     <span class='ocr_line' id='line_1_9' title="bbox 246 691 1752 760; baseline 0.002 -19"><span class='ocrx_word' id='word_1_62' title='bbox 246 708 404 742; x_wconf 89' lang='lat' dir='ltr'>terum</span> <span class='ocrx_word' id='word_1_63' title='bbox 439 692 667 743; x_wconf 82' lang='lat' dir='ltr'>dentibus</span> <span class='ocrx_word' id='word_1_64' title='bbox 699 691 914 760; x_wconf 81' lang='lat' dir='ltr'>agnoscit</span> <span class='ocrx_word' id='word_1_65' title='bbox 953 692 1151 741; x_wconf 84' lang='lat' dir='ltr'>Amicus</span> <span class='ocrx_word' id='word_1_66' title='bbox 1181 693 1301 741; x_wconf 90' lang='lat' dir='ltr'>mihi</span> <span class='ocrx_word' id='word_1_67' title='bbox 1335 697 1636 760; x_wconf 85' lang='lat' dir='ltr'>Bourguetus</span> <span class='ocrx_word' id='word_1_68' title='bbox 1665 732 1682 753; x_wconf 90' lang='lat'>,</span> <span class='ocrx_word' id='word_1_69' title='bbox 1751 708 1752 713; x_wconf 74' lang='grc'>’</span> 
     </span>
     <span class='ocr_line' id='line_1_10' title="bbox 249 759 1685 823; baseline 0.002 -14"><span class='ocrx_word' id='word_1_70' title='bbox 249 759 449 823; x_wconf 84' lang='lat' dir='ltr'>Gallus,</span> <span class='ocrx_word' id='word_1_71' title='bbox 471 760 596 810; x_wconf 88' lang='lat' dir='ltr'>hanc</span> <span class='ocrx_word' id='word_1_72' title='bbox 617 761 744 810; x_wconf 86' lang='lat' dir='ltr'>suam</span> <span class='ocrx_word' id='word_1_73' title='bbox 763 773 973 807; x_wconf 83' lang='lat' dir='ltr'>mentem</span> <span class='ocrx_word' id='word_1_74' title='bbox 997 759 1199 823; x_wconf 85' lang='lat' dir='ltr'>publico</span> <span class='ocrx_word' id='word_1_75' title='bbox 1220 759 1555 809; x_wconf 83' lang='lat' dir='ltr'>declaraturus.</span> <span class='ocrx_word' id='word_1_76' title='bbox 1593 762 1685 811; x_wconf 81' lang='lat' dir='ltr'>Di-</span> 
     </span>
     <span class='ocr_line' id='line_1_11' title="bbox 245 824 1685 892; baseline 0.003 -18"><span class='ocrx_word' id='word_1_77' title='bbox 245 824 456 875; x_wconf 87' lang='lat' dir='ltr'>luvianis</span> <span class='ocrx_word' id='word_1_78' title='bbox 491 832 664 880; x_wconf 57' lang='grc' dir='ltr'>λειψεένοκ</span> <span class='ocrx_word' id='word_1_79' title='bbox 700 825 1086 875; x_wconf 77' lang='lat' dir='ltr'>adnumerandos</span> <span class='ocrx_word' id='word_1_80' title='bbox 1121 825 1213 874; x_wconf 80' lang='lat' dir='ltr'>effe</span> <span class='ocrx_word' id='word_1_81' title='bbox 1239 826 1326 875; x_wconf 85' lang='lat' dir='ltr'>hos</span> <span class='ocrx_word' id='word_1_82' title='bbox 1352 825 1533 892; x_wconf 87' lang='lat' dir='ltr'>lapides</span> <span class='ocrx_word' id='word_1_83' title='bbox 1555 829 1685 878; x_wconf 89' lang='lat' dir='ltr'>haud</span> 
     </span>
     <span class='ocr_line' id='line_1_12' title="bbox 246 888 1751 963; baseline 0.004 -23"><span class='ocrx_word' id='word_1_84' title='bbox 246 890 425 942; x_wconf 90' lang='lat' dir='ltr'>dubito</span> <span class='ocrx_word' id='word_1_85' title='bbox 454 927 469 951; x_wconf 83' lang='lat'>‚</span> <span class='ocrx_word' id='word_1_86' title='bbox 511 888 589 936; x_wconf 88' lang='lat' dir='ltr'>sed</span> <span class='ocrx_word' id='word_1_87' title='bbox 626 888 677 940; x_wconf 80' lang='lat' dir='ltr'>in</span> <span class='ocrx_word' id='word_1_88' title='bbox 710 894 932 958; x_wconf 81' lang='lat' dir='ltr'>suspenso</span> <span class='ocrx_word' id='word_1_89' title='bbox 962 909 1052 940; x_wconf 85' lang='lat' dir='ltr'>nos</span> <span class='ocrx_word' id='word_1_90' title='bbox 1080 907 1213 942; x_wconf 89' lang='lat' dir='ltr'>tenet</span> <span class='ocrx_word' id='word_1_91' title='bbox 1238 893 1466 942; x_wconf 63' lang='lat' dir='ltr'>hactenus</span> <span class='ocrx_word' id='word_1_92' title='bbox 1490 895 1687 963; x_wconf 85' lang='lat' dir='ltr'>analogi</span> <span class='ocrx_word' id='word_1_93' title='bbox 1749 931 1751 933; x_wconf 95' lang='lat'>-</span> 
     </span>
     <span class='ocr_line' id='line_1_13' title="bbox 246 954 1685 1025; baseline 0.002 -17"><span class='ocrx_word' id='word_1_94' title='bbox 246 960 423 1010; x_wconf 85' lang='lat' dir='ltr'>marini</span> <span class='ocrx_word' id='word_1_95' title='bbox 442 954 666 1008; x_wconf 63' lang='lat' dir='ltr'>defectus.</span> <span class='ocrx_word' id='word_1_96' title='bbox 697 958 882 1009; x_wconf 87' lang='lat' dir='ltr'>Lucem</span> <span class='ocrx_word' id='word_1_97' title='bbox 904 958 971 1007; x_wconf 90' lang='lat' dir='ltr'>rei</span> <span class='ocrx_word' id='word_1_98' title='bbox 991 959 1196 1008; x_wconf 85' lang='lat' dir='ltr'>obscurae</span> <span class='ocrx_word' id='word_1_99' title='bbox 1214 959 1457 1010; x_wconf 88' lang='lat' dir='ltr'>affundere</span> <span class='ocrx_word' id='word_1_100' title='bbox 1475 961 1685 1025; x_wconf 79' lang='lat' dir='ltr'>poffunt,</span> 
     </span>
     <span class='ocr_line' id='line_1_14' title="bbox 244 1020 1749 1094; baseline 0.001 -18"><span class='ocrx_word' id='word_1_101' title='bbox 244 1025 352 1076; x_wconf 82' lang='lat' dir='ltr'>imo</span> <span class='ocrx_word' id='word_1_102' title='bbox 383 1020 581 1077; x_wconf 66' lang='lat' dir='ltr'>consilia</span> <span class='ocrx_word' id='word_1_103' title='bbox 611 1026 862 1094; x_wconf 88' lang='lat' dir='ltr'>hypothefi</span> <span class='ocrx_word' id='word_1_104' title='bbox 891 1025 1150 1074; x_wconf 73' lang='lat' dir='ltr'>formandae</span> <span class='ocrx_word' id='word_1_105' title='bbox 1175 1026 1437 1076; x_wconf 87' lang='lat' dir='ltr'>commoda</span> <span class='ocrx_word' id='word_1_106' title='bbox 1459 1027 1687 1087; x_wconf 80' lang='lat' dir='ltr'>KLE1N11,</span> <span class='ocrx_word' id='word_1_107' title='bbox 1748 1032 1749 1040; x_wconf 76' lang='grc'>’</span> 
     </span>
     <span class='ocr_line' id='line_1_15' title="bbox 246 1092 1688 1160; baseline 0.003 -19"><span class='ocrx_word' id='word_1_108' title='bbox 246 1098 473 1159; x_wconf 88' lang='lat' dir='ltr'>quem&amp;</span> <span class='ocrx_word' id='word_1_109' title='bbox 519 1092 644 1140; x_wconf 84' lang='lat' dir='ltr'>inter</span> <span class='ocrx_word' id='word_1_110' title='bbox 676 1095 861 1143; x_wconf 85' lang='lat' dir='ltr'>amicos</span> <span class='ocrx_word' id='word_1_111' title='bbox 894 1093 1297 1158; x_wconf 64' lang='lat' dir='ltr'>conjunctissimos</span> <span class='ocrx_word' id='word_1_112' title='bbox 1322 1127 1337 1148; x_wconf 91' lang='lat'>,</span> <span class='ocrx_word' id='word_1_113' title='bbox 1386 1094 1538 1160; x_wconf 86' lang='lat' dir='ltr'>longo</span> <span class='ocrx_word' id='word_1_114' title='bbox 1569 1096 1688 1146; x_wconf 80' lang='lat' dir='ltr'>licet</span> 
     </span>
     <span class='ocr_line' id='line_1_16' title="bbox 245 1161 1688 1226; baseline 0.002 -17"><span class='ocrx_word' id='word_1_115' title='bbox 245 1173 478 1209; x_wconf 87' lang='lat' dir='ltr'>terrarum</span> <span class='ocrx_word' id='word_1_116' title='bbox 495 1161 643 1208; x_wconf 69' lang='lat' dir='ltr'>trastu</span> <span class='ocrx_word' id='word_1_117' title='bbox 662 1161 689 1210; x_wconf 76' lang='lat' dir='ltr'>a</span> <span class='ocrx_word' id='word_1_118' title='bbox 708 1177 786 1209; x_wconf 89' lang='lat' dir='ltr'>me</span> <span class='ocrx_word' id='word_1_119' title='bbox 806 1161 1068 1226; x_wconf 65' lang='lat' dir='ltr'>sejunctum</span> <span class='ocrx_word' id='word_1_120' title='bbox 1084 1196 1095 1217; x_wconf 84' lang='lat'>‚</span> <span class='ocrx_word' id='word_1_121' title='bbox 1130 1176 1336 1208; x_wconf 87' lang='lat' dir='ltr'>numero</span> <span class='ocrx_word' id='word_1_122' title='bbox 1354 1195 1368 1220; x_wconf 89' lang='lat'>‚</span> <span class='ocrx_word' id='word_1_123' title='bbox 1398 1161 1595 1211; x_wconf 89' lang='lat' dir='ltr'>inventa</span> <span class='ocrx_word' id='word_1_124' title='bbox 1615 1177 1688 1212; x_wconf 88' lang='lat' dir='ltr'>at-</span> 
     </span>
     <span class='ocr_line' id='line_1_17' title="bbox 245 1225 1687 1294; baseline 0.001 -18"><span class='ocrx_word' id='word_1_125' title='bbox 245 1244 344 1294; x_wconf 87' lang='lat' dir='ltr'>que</span> <span class='ocrx_word' id='word_1_126' title='bbox 363 1227 576 1294; x_wconf 81' lang='lat' dir='ltr'>cogitata</span> <span class='ocrx_word' id='word_1_127' title='bbox 597 1230 623 1255; x_wconf 74' lang='lat'><em>*</em></span> <span class='ocrx_word' id='word_1_128' title='bbox 640 1247 652 1284; x_wconf 93' lang='lat'>·,</span> <span class='ocrx_word' id='word_1_129' title='bbox 682 1227 855 1294; x_wconf 88' lang='lat' dir='ltr'>quibus</span> <span class='ocrx_word' id='word_1_130' title='bbox 875 1225 906 1274; x_wconf 89' lang='lat' dir='ltr'>fi</span> <span class='ocrx_word' id='word_1_131' title='bbox 924 1226 1207 1275; x_wconf 87' lang='lat' dir='ltr'>ratiunculis</span> <span class='ocrx_word' id='word_1_132' title='bbox 1229 1226 1303 1274; x_wconf 89' lang='lat' dir='ltr'>his</span> <span class='ocrx_word' id='word_1_133' title='bbox 1327 1231 1373 1276; x_wconf 71' lang='grc' dir='ltr'>ὃς</span> <span class='ocrx_word' id='word_1_134' title='bbox 1392 1227 1687 1279; x_wconf 82' lang='lat' dir='ltr'>observatio-</span> 
     </span>
     <span class='ocr_line' id='line_1_18' title="bbox 245 1293 1745 1361; baseline 0.002 -19"><span class='ocrx_word' id='word_1_135' title='bbox 245 1293 390 1342; x_wconf 86' lang='lat' dir='ltr'>nibus</span> <span class='ocrx_word' id='word_1_136' title='bbox 417 1293 829 1361; x_wconf 84' lang='lat' dir='ltr'>qualibuscunque</span> <span class='ocrx_word' id='word_1_137' title='bbox 858 1294 977 1342; x_wconf 88' lang='lat' dir='ltr'>meis</span> <span class='ocrx_word' id='word_1_138' title='bbox 998 1293 1202 1359; x_wconf 82' lang='lat' dir='ltr'>adjicere</span> <span class='ocrx_word' id='word_1_139' title='bbox 1230 1309 1401 1358; x_wconf 83' lang='lat' dir='ltr'>potero</span> <span class='ocrx_word' id='word_1_140' title='bbox 1419 1295 1704 1359; x_wconf 62' lang='lat' dir='ltr'>qualemn-²</span> <span class='ocrx_word' id='word_1_141' title='bbox 1743 1332 1745 1335; x_wconf 32' lang='lat' dir='ltr'>v</span> 
     </span>
     <span class='ocr_line' id='line_1_19' title="bbox 243 1360 1688 1428; baseline 0.001 -18"><span class='ocrx_word' id='word_1_142' title='bbox 243 1377 342 1428; x_wconf 89' lang='lat' dir='ltr'>que</span> <span class='ocrx_word' id='word_1_143' title='bbox 369 1375 702 1421; x_wconf 87' lang='lat' dir='ltr'>momentum,</span> <span class='ocrx_word' id='word_1_144' title='bbox 739 1361 829 1410; x_wconf 90' lang='lat' dir='ltr'>erit</span> <span class='ocrx_word' id='word_1_145' title='bbox 847 1376 931 1409; x_wconf 85' lang='lat' dir='ltr'>cur</span> <span class='ocrx_word' id='word_1_146' title='bbox 958 1360 1077 1408; x_wconf 89' lang='lat' dir='ltr'>mihi</span> <span class='ocrx_word' id='word_1_147' title='bbox 1098 1360 1330 1426; x_wconf 79' lang='lat' dir='ltr'>gratuler3</span> <span class='ocrx_word' id='word_1_148' title='bbox 1365 1363 1410 1409; x_wconf 71' lang='grc' dir='ltr'>δε</span> <span class='ocrx_word' id='word_1_149' title='bbox 1429 1362 1688 1426; x_wconf 86' lang='lat' dir='ltr'>gratulabi-</span> 
     </span>
     <span class='ocr_line' id='line_1_20' title="bbox 243 1426 1688 1494; baseline 0.001 -17"><span class='ocrx_word' id='word_1_150' title='bbox 243 1442 360 1477; x_wconf 75' lang='lat' dir='ltr'>mur·v</span> <span class='ocrx_word' id='word_1_151' title='bbox 380 1426 519 1476; x_wconf 87' lang='lat' dir='ltr'>nobis</span> <span class='ocrx_word' id='word_1_152' title='bbox 537 1427 782 1492; x_wconf 73' lang='lat' dir='ltr'>reciproce</span> <span class='ocrx_word' id='word_1_153' title='bbox 799 1463 812 1485; x_wconf 85' lang='lat'>‚</span> <span class='ocrx_word' id='word_1_154' title='bbox 842 1427 873 1474; x_wconf 85' lang='lat' dir='ltr'>fi</span> <span class='ocrx_word' id='word_1_155' title='bbox 900 1426 1163 1491; x_wconf 83' lang='lat' dir='ltr'>aliquando</span> <span class='ocrx_word' id='word_1_156' title='bbox 1177 1427 1466 1492; x_wconf 64' lang='lat' dir='ltr'>conjecturis</span> <span class='ocrx_word' id='word_1_157' title='bbox 1493 1428 1688 1494; x_wconf 84' lang='lat' dir='ltr'>respon-</span> 
     </span>
     <span class='ocr_line' id='line_1_21' title="bbox 245 1492 1688 1559; baseline 0.002 -18"><span class='ocrx_word' id='word_1_158' title='bbox 245 1493 413 1552; x_wconf 81' lang='lat' dir='ltr'>debit,</span> <span class='ocrx_word' id='word_1_159' title='bbox 435 1492 570 1558; x_wconf 88' lang='lat' dir='ltr'>quod</span> <span class='ocrx_word' id='word_1_160' title='bbox 586 1494 743 1543; x_wconf 90' lang='lat' dir='ltr'>adhuc</span> <span class='ocrx_word' id='word_1_161' title='bbox 759 1493 806 1541; x_wconf 90' lang='lat' dir='ltr'>in</span> <span class='ocrx_word' id='word_1_162' title='bbox 827 1492 1101 1543; x_wconf 85' lang='lat' dir='ltr'>Democriti</span> <span class='ocrx_word' id='word_1_163' title='bbox 1122 1508 1296 1559; x_wconf 86' lang='lat' dir='ltr'>puteo,</span> <span class='ocrx_word' id='word_1_164' title='bbox 1333 1492 1502 1543; x_wconf 55' lang='lat' dir='ltr'>rectius</span> <span class='ocrx_word' id='word_1_165' title='bbox 1521 1495 1570 1543; x_wconf 91' lang='lat' dir='ltr'>in</span> <span class='ocrx_word' id='word_1_166' title='bbox 1589 1514 1688 1544; x_wconf 87' lang='lat' dir='ltr'>ma·</span> 
     </span>
     <span class='ocr_line' id='line_1_22' title="bbox 244 1559 1757 1627; baseline 0.003 -18"><span class='ocrx_word' id='word_1_167' title='bbox 244 1561 308 1609; x_wconf 85' lang='lat' dir='ltr'>ris</span> <span class='ocrx_word' id='word_1_168' title='bbox 336 1560 498 1623; x_wconf 79' lang='lat' dir='ltr'>abyffo</span> <span class='ocrx_word' id='word_1_169' title='bbox 522 1596 536 1619; x_wconf 90' lang='lat'>,</span> <span class='ocrx_word' id='word_1_170' title='bbox 583 1561 700 1612; x_wconf 89' lang='lat' dir='ltr'>latet</span> <span class='ocrx_word' id='word_1_171' title='bbox 731 1560 1009 1627; x_wconf 82' lang='lat' dir='ltr'>analogum.</span> <span class='ocrx_word' id='word_1_172' title='bbox 1052 1559 1434 1612; x_wconf 81' lang='lat' dir='ltr'>Observationes</span> <span class='ocrx_word' id='word_1_173' title='bbox 1473 1561 1582 1612; x_wconf 86' lang='lat' dir='ltr'>sunt</span> <span class='ocrx_word' id='word_1_174' title='bbox 1608 1562 1706 1619; x_wconf 47' lang='lat' dir='ltr'>se-g‘</span> <span class='ocrx_word' id='word_1_175' title='bbox 1756 1602 1757 1607; x_wconf 65' lang='lat'>,</span> 
     </span>
     <span class='ocr_line' id='line_1_23' title="bbox 247 1639 1757 1694; baseline 0.001 -20"><span class='ocrx_word' id='word_1_176' title='bbox 247 1639 466 1694; x_wconf 86' lang='lat' dir='ltr'>quentes.</span> <span class='ocrx_word' id='word_1_177' title='bbox 1756 1644 1757 1655; x_wconf 59' lang='lat'>¹</span> 
     </span>
    </p>
   </div>
   <div class='ocr_carea' id='block_1_2' title="bbox 252 2240 1684 2444">
    <p class='ocr_par' dir='ltr' id='par_1_2' title="bbox 252 2240 1684 2444">
     <span class='ocr_line' id='line_1_24' title="bbox 252 2240 1684 2318; baseline 0.004 -24"><span class='ocrx_word' id='word_1_178' title='bbox 252 2260 296 2294; x_wconf 85' lang='lat'>1.</span> <span class='ocrx_word' id='word_1_179' title='bbox 324 2240 645 2293; x_wconf 86' lang='lat' dir='ltr'>Inveniuntur</span> <span class='ocrx_word' id='word_1_180' title='bbox 665 2246 710 2293; x_wconf 73' lang='grc' dir='ltr'>ὃς</span> <span class='ocrx_word' id='word_1_181' title='bbox 737 2240 1012 2293; x_wconf 85' lang='lat' dir='ltr'>Belemnitae</span> <span class='ocrx_word' id='word_1_182' title='bbox 1031 2246 1078 2294; x_wconf 74' lang='grc' dir='ltr'>δε</span> <span class='ocrx_word' id='word_1_183' title='bbox 1096 2243 1290 2297; x_wconf 85' lang='lat' dir='ltr'>Alveoli</span> <span class='ocrx_word' id='word_1_184' title='bbox 1318 2241 1684 2318; x_wconf 78' lang='lat' dir='ltr'>frequentillime</span> 
     </span>
     <span class='ocr_line' id='line_1_25' title="bbox 311 2310 1682 2384; baseline 0.006 -25"><span class='ocrx_word' id='word_1_185' title='bbox 311 2315 358 2359; x_wconf 63' lang='grc' dir='ltr'>ὃς</span> <span class='ocrx_word' id='word_1_186' title='bbox 375 2310 613 2359; x_wconf 81' lang='lat' dir='ltr'>ordinarie</span> <span class='ocrx_word' id='word_1_187' title='bbox 636 2311 761 2360; x_wconf 85' lang='lat' dir='ltr'>inter</span> <span class='ocrx_word' id='word_1_188' title='bbox 780 2310 1049 2360; x_wconf 78' lang='lat' dir='ltr'>Diluviana</span> <span class='ocrx_word' id='word_1_189' title='bbox 1064 2326 1194 2362; x_wconf 88' lang='lat' dir='ltr'>tanta</span> <span class='ocrx_word' id='word_1_190' title='bbox 1210 2315 1328 2383; x_wconf 81' lang='lat' dir='ltr'>saepe</span> <span class='ocrx_word' id='word_1_191' title='bbox 1351 2318 1497 2384; x_wconf 85' lang='lat' dir='ltr'>copia</span> <span class='ocrx_word' id='word_1_192' title='bbox 1517 2317 1653 2384; x_wconf 85' lang='lat' dir='ltr'>sparfi</span> <span class='ocrx_word' id='word_1_193' title='bbox 1667 2355 1682 2378; x_wconf 95' lang='lat'>‚</span> 
     </span>
     <span class='ocr_line' id='line_1_26' title="bbox 309 2376 1226 2444; baseline 0.004 -18"><span class='ocrx_word' id='word_1_194' title='bbox 309 2393 364 2426; x_wconf 91' lang='lat' dir='ltr'>ut</span> <span class='ocrx_word' id='word_1_195' title='bbox 379 2377 550 2427; x_wconf 85' lang='lat' dir='ltr'>corbes</span> <span class='ocrx_word' id='word_1_196' title='bbox 569 2376 745 2444; x_wconf 81' lang='lat' dir='ltr'>integri</span> <span class='ocrx_word' id='word_1_197' title='bbox 762 2376 1010 2444; x_wconf 85' lang='lat' dir='ltr'>adimpleri</span> <span class='ocrx_word' id='word_1_198' title='bbox 1031 2395 1226 2444; x_wconf 86' lang='lat' dir='ltr'>queant.</span> 
     </span>
    </p>
   </div>
   <div class='ocr_carea' id='block_1_3' title="bbox 243 2507 1679 2578">
    <p class='ocr_par' dir='ltr' id='par_1_3' title="bbox 243 2507 1679 2578">
     <span class='ocr_line' id='line_1_27' title="bbox 243 2507 1679 2578; baseline 0.006 -20"><span class='ocrx_word' id='word_1_199' title='bbox 243 2524 295 2560; x_wconf 80' lang='lat'>2.</span> <span class='ocrx_word' id='word_1_200' title='bbox 324 2507 435 2574; x_wconf 76' lang='lat' dir='ltr'>Ipsis</span> <span class='ocrx_word' id='word_1_201' title='bbox 462 2507 736 2557; x_wconf 88' lang='lat' dir='ltr'>Belemnitis</span> <span class='ocrx_word' id='word_1_202' title='bbox 759 2508 914 2558; x_wconf 88' lang='lat' dir='ltr'>innati</span> <span class='ocrx_word' id='word_1_203' title='bbox 937 2511 1238 2578; x_wconf 83' lang='lat' dir='ltr'>reperiuntur</span> <span class='ocrx_word' id='word_1_204' title='bbox 1263 2510 1450 2565; x_wconf 87' lang='lat' dir='ltr'>Tubuli</span> <span class='ocrx_word' id='word_1_205' title='bbox 1476 2515 1679 2576; x_wconf 81' lang='lat' dir='ltr'>marini,</span> 
     </span>
    </p>
   </div>
   <div class='ocr_carea' id='block_1_4' title="bbox 296 2638 1327 2703">
    <p class='ocr_par' dir='ltr' id='par_1_4' title="bbox 296 2638 1327 2703">
     <span class='ocr_line' id='line_1_28' title="bbox 296 2638 1327 2703; baseline 0.01 -23"><span class='ocrx_word' id='word_1_206' title='bbox 296 2641 325 2687; x_wconf 67' lang='grc'>,*</span> <span class='ocrx_word' id='word_1_207' title='bbox 345 2638 466 2681; x_wconf 78' lang='lat' dir='ltr'>Conf.</span> <span class='ocrx_word' id='word_1_208' title='bbox 483 2641 765 2697; x_wconf 81' lang='lat' dir='ltr'>Prolegomena</span> <span class='ocrx_word' id='word_1_209' title='bbox 779 2645 828 2685; x_wconf 85' lang='lat' dir='ltr'>de</span> <span class='ocrx_word' id='word_1_210' title='bbox 842 2644 1006 2686; x_wconf 73' lang='lat' dir='ltr'>‘subulis</span> <span class='ocrx_word' id='word_1_211' title='bbox 1019 2649 1180 2689; x_wconf 73' lang='lat' dir='ltr'>marinis</span> <span class='ocrx_word' id='word_1_212' title='bbox 1198 2679 1208 2698; x_wconf 90' lang='lat'>,</span> <span class='ocrx_word' id='word_1_213' title='bbox 1226 2662 1266 2703; x_wconf 75' lang='grc' dir='ltr'>ρ.</span> <span class='ocrx_word' id='word_1_214' title='bbox 1287 2663 1327 2700; x_wconf 78' lang='grc'>3.</span> 
     </span>
    </p>
   </div>
   <div class='ocr_carea' id='block_1_5' title="bbox 1597 2689 1739 2753">
    <p class='ocr_par' dir='ltr' id='par_1_5' title="bbox 1597 2689 1739 2753">
     <span class='ocr_line' id='line_1_29' title="bbox 1597 2689 1739 2753; baseline -0.007 0"><span class='ocrx_word' id='word_1_215' title='bbox 1597 2689 1739 2753; x_wconf 64' lang='lat' dir='ltr'>De&#39;</span> 
     </span>
    </p>
   </div>
  </div>
 </body>
</html>
